% IMPORTANT: Latex special characters are: # $ % & \ ^ _ { } ~. To avoid mistakes when compiling the reference list try writing \ before. For: \ use \textbackslash ; for ^ \textasciitilde and ~ \textasciicircum.

@misc{ravi2024sam2segmentimages,
      title={SAM 2: Segment Anything in Images and Videos}, 
      author={Nikhila Ravi and Valentin Gabeur and Yuan-Ting Hu and Ronghang Hu and Chaitanya Ryali and Tengyu Ma and Haitham Khedr and Roman Rädle and Chloe Rolland and Laura Gustafson and Eric Mintun and Junting Pan and Kalyan Vasudev Alwala and Nicolas Carion and Chao-Yuan Wu and Ross Girshick and Piotr Dollár and Christoph Feichtenhofer},
      year={2024},
      eprint={2408.00714},
      archivePrefix={arXiv},
      primaryClass={cs.CV},
      url={https://arxiv.org/abs/2408.00714}, 
}

@misc{maguolo2020criticevaluationmethodscovid19,
      title={A Critic Evaluation of Methods for COVID-19 Automatic Detection from X-Ray Images}, 
      author={Gianluca Maguolo and Loris Nanni},
      year={2020},
      eprint={2004.12823},
      archivePrefix={arXiv},
      primaryClass={eess.IV},
      url={https://arxiv.org/abs/2004.12823}, 
}

@article{Tartaglione_2020,
   title={Unveiling COVID-19 from CHEST X-Ray with Deep Learning: A Hurdles Race with Small Data},
   volume={17},
   ISSN={1660-4601},
   url={http://dx.doi.org/10.3390/ijerph17186933},
   DOI={10.3390/ijerph17186933},
   number={18},
   journal={International Journal of Environmental Research and Public Health},
   publisher={MDPI AG},
   author={Tartaglione, Enzo and Barbano, Carlo Alberto and Berzovini, Claudio and Calandri, Marco and Grangetto, Marco},
   year={2020},
   month=sep, pages={6933} }

@misc{goodfellow2014generativeadversarialnetworks,
      title={Generative Adversarial Networks}, 
      author={Ian J. Goodfellow and Jean Pouget-Abadie and Mehdi Mirza and Bing Xu and David Warde-Farley and Sherjil Ozair and Aaron Courville and Yoshua Bengio},
      year={2014},
      eprint={1406.2661},
      archivePrefix={arXiv},
      primaryClass={stat.ML},
      url={https://arxiv.org/abs/1406.2661}, 
}

@misc{bai2025qwen25vltechnicalreport,
      title={Qwen2.5-VL Technical Report}, 
      author={Shuai Bai and Keqin Chen and Xuejing Liu and Jialin Wang and Wenbin Ge and Sibo Song and Kai Dang and Peng Wang and Shijie Wang and Jun Tang and Humen Zhong and Yuanzhi Zhu and Mingkun Yang and Zhaohai Li and Jianqiang Wan and Pengfei Wang and Wei Ding and Zheren Fu and Yiheng Xu and Jiabo Ye and Xi Zhang and Tianbao Xie and Zesen Cheng and Hang Zhang and Zhibo Yang and Haiyang Xu and Junyang Lin},
      year={2025},
      eprint={2502.13923},
      archivePrefix={arXiv},
      primaryClass={cs.CV},
      url={https://arxiv.org/abs/2502.13923}, 
}

@article{Khozeimeh_2021,
   title={Combining a convolutional neural network with autoencoders to predict the survival chance of COVID-19 patients},
   volume={11},
   ISSN={2045-2322},
   url={http://dx.doi.org/10.1038/s41598-021-93543-8},
   DOI={10.1038/s41598-021-93543-8},
   number={1},
   journal={Scientific Reports},
   publisher={Springer Science and Business Media LLC},
   author={Khozeimeh, Fahime and Sharifrazi, Danial and Izadi, Navid Hoseini and Joloudari, Javad Hassannataj and Shoeibi, Afshin and Alizadehsani, Roohallah and Gorriz, Juan M. and Hussain, Sadiq and Sani, Zahra Alizadeh and Moosaei, Hossein and Khosravi, Abbas and Nahavandi, Saeid and Islam, Sheikh Mohammed Shariful},
   year={2021},
   month=jul }

@misc{lara2025diagnosingcovid19severitychest,
      title={Diagnosing COVID-19 Severity from Chest X-Ray Images Using ViT and CNN Architectures}, 
      author={Luis Lara and Lucia Eve Berger and Rajesh Raju},
      year={2025},
      eprint={2502.16622},
      archivePrefix={arXiv},
      primaryClass={eess.IV},
      url={https://arxiv.org/abs/2502.16622}, 
}

@misc{ioffe2015batchnormalizationacceleratingdeep,
      title={Batch Normalization: Accelerating Deep Network Training by Reducing Internal Covariate Shift}, 
      author={Sergey Ioffe and Christian Szegedy},
      year={2015},
      eprint={1502.03167},
      archivePrefix={arXiv},
      primaryClass={cs.LG},
      url={https://arxiv.org/abs/1502.03167}, 
}